@article{Briceno:2014uqa,
      author         = "Briceño, Raúl A. and Hansen, Maxwell T. and
                        Walker-Loud, André",
      title          = "{Multichannel 1 $\rightarrow$ 2 transition amplitudes in
                        a finite volume}",
      journal        = "Phys.Rev.",
      number         = "3",
      volume         = "D91",
      pages          = "034501",
      doi            = "10.1103/PhysRevD.91.034501",
      year           = "2015",
      eprint         = "1406.5965",
      archivePrefix  = "arXiv",
      primaryClass   = "hep-lat",
      reportNumber   = "NT@WM-14-04, JLAB-THY-14-1909",
      SLACcitation   = "%%CITATION = ARXIV:1406.5965;%%",
}

@article{Meyer:2011um,
      author         = "Meyer, Harvey B.",
      title          = "{Lattice QCD and the Timelike Pion Form Factor}",
      journal        = "Phys.Rev.Lett.",
      volume         = "107",
      pages          = "072002",
      doi            = "10.1103/PhysRevLett.107.072002",
      year           = "2011",
      eprint         = "1105.1892",
      archivePrefix  = "arXiv",
      primaryClass   = "hep-lat",
      SLACcitation   = "%%CITATION = ARXIV:1105.1892;%%",
}

@article{Yamazaki:2004qb,
      author         = "Yamazaki, T. and others",
      title          = "{I = 2 pi pi scattering phase shift with two flavors of
                        O(a) improved dynamical quarks}",
      collaboration  = "CP-PACS",
      journal        = "Phys.Rev.",
      volume         = "D70",
      pages          = "074513",
      doi            = "10.1103/PhysRevD.70.074513",
      year           = "2004",
      eprint         = "hep-lat/0402025",
      archivePrefix  = "arXiv",
      primaryClass   = "hep-lat",
      reportNumber   = "UTHEP-484, UTCCP-P-147",
      SLACcitation   = "%%CITATION = HEP-LAT/0402025;%%",
}

@article{Fu:2011xz,
      author         = "Fu, Ziwen",
      title          = "{Rummukainen-Gottlieb's formula on two-particle system
                        with different mass}",
      journal        = "Phys.Rev.",
      volume         = "D85",
      pages          = "014506",
      doi            = "10.1103/PhysRevD.85.014506",
      year           = "2012",
      eprint         = "1110.0319",
      archivePrefix  = "arXiv",
      primaryClass   = "hep-lat",
      SLACcitation   = "%%CITATION = ARXIV:1110.0319;%%",
}

@article{Leskovec:2012gb,
      author         = "Leskovec, Luka and Prelovsek, Sasa",
      title          = "{Scattering phase shifts for two particles of different
                        mass and non-zero total momentum in lattice QCD}",
      journal        = "Phys.Rev.",
      volume         = "D85",
      pages          = "114507",
      doi            = "10.1103/PhysRevD.85.114507",
      year           = "2012",
      eprint         = "1202.2145",
      archivePrefix  = "arXiv",
      primaryClass   = "hep-lat",
      SLACcitation   = "%%CITATION = ARXIV:1202.2145;%%",
}

@article{Feng:2011ah,
      author         = "Feng, Xu and Jansen, Karl and Renner, Dru B.",
      title          = "{A new moving frame to extract scattering phases in
                        lattice QCD}",
      collaboration  = "ETM",
      journal        = "PoS",
      volume         = "LATTICE2010",
      pages          = "104",
      year           = "2010",
      eprint         = "1104.0058",
      archivePrefix  = "arXiv",
      primaryClass   = "hep-lat",
      reportNumber   = "DESY-10-177, MS-TP-10-15, KEK-CP-244, JLAB-THY-11-1349",
      SLACcitation   = "%%CITATION = ARXIV:1104.0058;%%",
}

@article{Kim:2005gf,
      author         = "Kim, C.h. and Sachrajda, C.T. and Sharpe, Stephen R.",
      title          = "{Finite-volume effects for two-hadron states in moving
                        frames}",
      journal        = "Nucl.Phys.",
      volume         = "B727",
      pages          = "218-243",
      doi            = "10.1016/j.nuclphysb.2005.08.029",
      year           = "2005",
      eprint         = "hep-lat/0507006",
      archivePrefix  = "arXiv",
      primaryClass   = "hep-lat",
      reportNumber   = "UW-PT-05-16, SHEP-0518",
      SLACcitation   = "%%CITATION = HEP-LAT/0507006;%%",
}
